@Manual{R-bindrcpp,
  title = {bindrcpp: An 'Rcpp' Interface to Active Bindings},
  author = {Kirill Müller},
  year = {2018},
  note = {R package version 0.2.2},
  url = {https://CRAN.R-project.org/package=bindrcpp},
}
@Manual{R-BiocGenerics,
  title = {BiocGenerics: S4 generic functions for Bioconductor},
  author = {The Bioconductor Dev Team},
  year = {2018},
  note = {R package version 0.26.0},
}
@Manual{R-Biostrings,
  title = {Biostrings: Efficient manipulation of biological strings},
  author = {H. Pagès and P. Aboyoun and R. Gentleman and S. DebRoy},
  year = {2018},
  note = {R package version 2.48.0},
}
@Manual{R-caTools,
  title = {caTools: Tools: moving window statistics, GIF, Base64, ROC AUC, etc.},
  author = {Jarek Tuszynski},
  year = {2014},
  note = {R package version 1.17.1},
  url = {https://CRAN.R-project.org/package=caTools},
}
@Manual{R-ggtree,
  title = {ggtree: an R package for visualization and annotation of phylogenetic
trees with their covariates and other associated data},
  author = {Guangchuang Yu and Tommy Tsan-Yuk Lam},
  year = {2018},
  note = {R package version 1.12.0},
  url = {https://guangchuangyu.github.io/software/ggtree},
}
@Manual{R-gridExtra,
  title = {gridExtra: Miscellaneous Functions for "Grid" Graphics},
  author = {Baptiste Auguie},
  year = {2017},
  note = {R package version 2.3},
  url = {https://CRAN.R-project.org/package=gridExtra},
}
@Manual{R-IRanges,
  title = {IRanges: Infrastructure for manipulating intervals on sequences},
  author = {H. Pagès and P. Aboyoun and M. Lawrence},
  year = {2018},
  note = {R package version 2.14.4},
}
@Manual{R-msa,
  title = {msa: Multiple Sequence Alignment},
  author = {Enrico Bonatesta and Christoph Horejs-Kainrath and Ulrich Bodenhofer},
  year = {2018},
  note = {R package version 1.12.0},
  url = {http://www.bioinf.jku.at/software/msa/},
}
@Manual{R-raster,
  title = {raster: Geographic Data Analysis and Modeling},
  author = {Robert J. Hijmans},
  year = {2017},
  note = {R package version 2.6-7},
  url = {https://CRAN.R-project.org/package=raster},
}
@Manual{R-rgdal,
  title = {rgdal: Bindings for the 'Geospatial' Data Abstraction Library},
  author = {Roger Bivand and Tim Keitt and Barry Rowlingson},
  year = {2018},
  note = {R package version 1.2-18},
  url = {https://CRAN.R-project.org/package=rgdal},
}
@Manual{R-S4Vectors,
  title = {S4Vectors: S4 implementation of vector-like and list-like objects},
  author = {H. Pagès and M. Lawrence and P. Aboyoun},
  year = {2018},
  note = {R package version 0.18.1},
}
@Manual{R-xtable,
  title = {xtable: Export Tables to LaTeX or HTML},
  author = {David B. Dahl},
  year = {2016},
  note = {R package version 1.8-2},
  url = {https://CRAN.R-project.org/package=xtable},
}
@Manual{R-XVector,
  title = {XVector: Representation and manipulation of external sequences},
  author = {Hervé Pagès and Patrick Aboyoun},
  year = {2018},
  note = {R package version 0.20.0},
}
