
@incollection{Ackerfield2015,
  title = {Key to {{{\emph{Physaria}}}} ({{Brassicaceae}})},
  booktitle = {Flora of {{Colorado}}},
  author = {Ackerfield, Jennifer},
  year = {2015},
  edition = {1st},
  pages = {245--249},
  publisher = {{Botanical Research Institute of Texas Press}},
  address = {{Fort Worth (TX)}}
}

@article{AlShehbaz2002,
  title = {{\emph{Lesquerella}} Is United with {{{\emph{Physaria}}}} ({{Brassicaceae}}).},
  author = {{Al-Shehbaz}, Ihsan A and O'Kane, Jr., Steve L},
  year = {2002},
  volume = {12},
  pages = {319--329},
  journal = {Novon},
  number = {3}
}

@article{Crowl2017,
  title = {Embracing Discordance: {{Phylogenomic}} Analyses Provide Evidence for Allopolyploidy Leading to Cryptic Diversity in a {{Mediterranean}} {{{\emph{Campanula}}}} ({{Campanulaceae}}) Clade},
  author = {Crowl, Andrew A and Myers, Cody and Cellinese, Nico},
  year = {2017},
  volume = {71},
  pages = {913--922},
  doi = {10.1111/evo.13203},
  journal = {Evolution},
  number = {4}
}

@article{deQueiroz2007,
  title = {Species {{Concepts}} and {{Species Delimitation}}},
  author = {{de Queiroz}, Kevin},
  year = {2007},
  volume = {56},
  pages = {879--886},
  journal = {Systematic Biology},
  number = {6}
}

@incollection{Dorn2001,
  title = {Key to {{{\emph{Physaria}}}} ({{Brassicaceae}})},
  booktitle = {Vascular {{Plants}} of {{Wyoming}}},
  author = {Dorn, Robert},
  year = {2001},
  edition = {3rd Ed.},
  pages = {143--144},
  publisher = {{Mountain West Publishing}},
  address = {{Cheyenne (WY)}}
}

@article{Faurby2016,
  title = {Strong Effects of Variation in Taxonomic Opinion on Diversification Analyses},
  author = {Faurby, S{\o}ren and Eiserhardt, Wolf L and Svenning, Jens-Christian},
  year = {2016},
  volume = {7},
  pages = {4--13},
  doi = {10.1111/2041-210X.12449},
  journal = {Methods in Ecology and Evolution},
  number = {1}
}

@techreport{Fertig1998,
  title = {Status Report on {{Dorn}}'s {{Twinpod}} ({{{\emph{Physaria dornii}}}}) in {{Southwestern Wyoming}}},
  author = {Fertig, Walter},
  year = {1998},
  month = mar,
  address = {{Laramie, (WY)}},
  institution = {{Wyoming Natural Diversity Database}},
  number = {K910-A4-0011}
}

@techreport{Fertig2002,
  title = {Status of {{Tufted Twinpod}} ({{{\emph{Physaria condensata}}}}) in {{Southwest Wyoming}}},
  author = {Fertig, Walter},
  year = {2002},
  month = sep,
  address = {{Kanab (UT)}},
  institution = {{Botanical Consultant}},
  number = {K910-A4-0011}
}

@article{Giribet2015,
  title = {Morphology Should Not Be Forgotten in the Era of Genomics \textendash{} a Phylogenetic Perspective},
  author = {Giribet, Gonzalo},
  year = {2015},
  volume = {256},
  pages = {96--103},
  journal = {Zoologischer Anzeiger}
}

@incollection{Gray1848,
  title = {Cruciferae: {{{\emph{Vesicaria}}}}},
  booktitle = {Genera Florae {{Americae}} Boreali-Orientalis Illustrata},
  author = {Gray, Asa},
  editor = {Sprague, Isaac and Gray, Asa},
  year = {1848},
  volume = {1, pt. 1},
  pages = {162},
  publisher = {{James Munroe and Company}},
  address = {{Boston (MA)}}
}

@techreport{HandleyHeidel2011,
  title = {Status of {{{\emph{Physaria didymocarapa}} var. {\emph{lanata}}}} (Wooly Twinpod), {{Big Horn Mountains}}, North-Central {{Wyoming}}},
  author = {Handley, Joy and Heidel, Bonnie},
  year = {2011},
  address = {{Sheridan, (WY)}},
  institution = {{Wyoming Natural Diversity Database}},
  number = {09-CS-11020200-013}
}

@misc{Heidel2012,
  title = {2012 {{Wyoming Plant Species}} of {{Potential Concern List}}},
  author = {Heidel, Bonnie},
  year = {2012},
  month = apr,
  url = {http://www.uwyo.edu/wyndd/},
  urldate = {2016-04-19},
  journal = {Wyoming Natural Diversity Database, University of Wyoming}
}

@techreport{Heidel2014,
  title = {Status of {{{\emph{Physaria saximontana}} var. {\emph{saximontana}}}} ({{Rocky Mountain Twinpod}}) in {{Central Wyoming}}, {{Fremont}}, {{Hot Springs}}, and {{Park}} Counties.},
  author = {Heidel, Bonnie},
  year = {2014},
  month = mar,
  address = {{Laramie, (WY)}},
  institution = {{Wyoming Natural Diversity Database}},
  number = {L12AC20036}
}

@article{HeidelOKane2012,
  title = {Wyoming {{{\emph{Physaria}}}} Species Key.},
  author = {Heidel, Bonnie and O'Kane, Jr., Steve L},
  year = {2012},
  volume = {31},
  pages = {1--10},
  journal = {\emph{Castilleja}},
  number = {3}
}

@article{Helsen2009,
  title = {Gal\'apagos' {{{\emph{Opuntia}}}} (Prickly Pear) Cacti: Extensive Morphological Diversity, Low Genetic Variability},
  author = {Helsen, Philippe and Browne, Robert A and Anderson, David J and Verdyck, Peter and Van Dongen, Stefan},
  year = {2009},
  volume = {96},
  pages = {451--461},
  journal = {Biological Journal of the Linnean Society},
  number = {2}
}

@incollection{Hitchcock1964,
  title = {{\emph{Physaria}}},
  booktitle = {Vascular Plants of the {{Pacific Northwest}}},
  author = {Hitchcock, Charles Leo},
  editor = {Hitchcock, Charles Leo and Cronquist, Arthur and Ownbey, Marion and Thompson, John W},
  year = {1964},
  volume = {2},
  pages = {529--532},
  publisher = {{University of Washington Press}},
  address = {{Seattle (WA)}}
}

@incollection{Hooker1830,
  title = {Cruciferae},
  booktitle = {Flora {{Boreali}}-{{Americana}}},
  author = {Hooker, William Jackson},
  year = {1830},
  volume = {1, pt. 1},
  pages = {37-70; p. 49 and tab XVI},
  publisher = {{Henry G. Bohn}},
  address = {{Covent Garden, London}}
}

@incollection{Hooker1847,
  title = {Cruciferae},
  booktitle = {London {{Journal}} of {{Botany}}},
  author = {Hooker, William Jackson},
  year = {1847},
  volume = {6},
  pages = {70; tab V.},
  publisher = {{Hippolyte Bailliere}},
  address = {{London}},
  series = {Botanical {{Information}}}
}

@incollection{Ives1861,
  title = {Botany},
  booktitle = {Report upon the {{Colorado River}} of the {{West}}},
  author = {Ives, Joseph Christmas and Newberry, John Strong and Gray, Asa and Torrey, John and Thurber, George and Engelmann, George and Baird, Spencer Fullerton},
  year = {1861},
  volume = {4},
  pages = {6},
  publisher = {{Government Printing Office}},
  address = {{Washington D.C.}}
}

@article{Jenner2004,
  title = {Accepting Partnership by Submission? {{Morphological}} Phylogenetics in a Molecular Millenium},
  author = {Jenner, Ronald A},
  year = {2004},
  volume = {53},
  pages = {333--342},
  journal = {Systematic Biology},
  number = {2}
}

@article{Jennings2004,
  title = {The Status of {{{\emph{Physaria vitulifera}}}} in {{Wyoming}}},
  author = {Jennings, William},
  year = {2004},
  volume = {23},
  pages = {5},
  journal = {\emph{Castilleja}},
  number = {1}
}

@article{LeePalci2015,
  title = {Morphological Phylogenetics in the Genomic Age},
  author = {Lee, Michael S Y and Palci, Alessandro},
  year = {2015},
  volume = {25},
  pages = {R922-R929},
  journal = {Current Biology},
  number = {19}
}

@incollection{Lesica2012,
  title = {Key to {{{\emph{Physaria}}}} ({{Brassicaceae}})},
  booktitle = {Manual of {{Montana Vascular Plants}}},
  author = {Lesica, Peter},
  year = {2012},
  edition = {1st},
  pages = {213--217},
  publisher = {{Botanical Research Institute of Texas}},
  address = {{Fort Worth (TX)}}
}

@article{Lichvar1983,
  title = {A New Species of {{{\emph{Physaria}}}} ({{Cruciferae}}) from {{Wyoming}}},
  author = {Lichvar, Robert W},
  year = {1983},
  volume = {35},
  pages = {150--155},
  journal = {Brittonia},
  number = {2}
}

@article{Lichvar1984,
  title = {A Re-Evaluation of {{{\emph{Physaria didymocarpa}} var. {\emph{integrifolia}}}} ({{Cruciferae}})},
  author = {Lichvar, Robert W},
  year = {1984},
  volume = {31},
  pages = {203--207},
  journal = {Madro\~no},
  number = {4}
}

@techreport{Moseley1990,
  title = {Field Investigations of Two Sensitive Plant Species on the Salmon National Forest: {{{\emph{Phycelia lyalli}} and {\emph{Physaria didymocarpa}} var. {\emph{lyrata}}}}},
  author = {Moseley, R K and Mancuso, M and Caicco, S L},
  year = {1990},
  address = {{Boise (ID)}},
  institution = {{Idaho Department of Fish and Game}},
  url = {https://fishandgame.idaho.gov/ifwis/idnhp/cdc_pdf/moser90h.pdf},
  urldate = {2016-01-23},
  type = {Internet}
}

@article{Mulligan1966,
  title = {Two New Species of {{{\emph{Physaria}}}} ({{Cruciferae}}) in {{Colorado}}},
  author = {Mulligan, Gerald Alfred},
  year = {1966},
  volume = {44},
  pages = {1661--1665},
  journal = {Canadian Journal of Botany},
  number = {12}
}

@article{Mulligan1967b,
  title = {Cytotaxonomy of {{{\emph{Physaria acutifolia}}, {\emph{P. chambersii}}, and {\emph{P. newberryi}}}} ({{Cruciferae}})},
  author = {Mulligan, Gerald Alfred},
  year = {1967},
  volume = {45},
  pages = {1887--1898},
  journal = {Canadian Journal of Botany},
  number = {10}
}

@article{Nelson1904,
  title = {New Plants from {{Wyoming}}, {{XV}}},
  author = {Nelson, Aven},
  year = {1904},
  volume = {31},
  pages = {241},
  journal = {Bulletin of the Torrey Botanical Club},
  number = {5}
}

@incollection{Nuttal1838,
  title = {Cruciferae: {{{\emph{Vesicaria}}}}, Sect. {{{\emph{Physaria}}}}},
  booktitle = {A Flora of {{North America}}},
  author = {Nuttall, Thomas},
  editor = {Torrey, John and Gray, Asa},
  year = {1838},
  volume = {1},
  pages = {102--103},
  publisher = {{Wiley and Putnam}},
  address = {{New York, (NY)}}
}

@article{OKane2007,
  title = {{{{\emph{Physaria scrotiformis}}}} ({{Brassicaceae}}), a New High-Elevation Species from Southwestern {{Colorado}} and New Combinations in {{{\emph{Physaria}}}}},
  author = {O'Kane, Jr., Steve L},
  year = {2007},
  volume = {17},
  pages = {376--382},
  journal = {Novon},
  number = {3}
}

@incollection{OKane2010,
  title = {{\emph{Physaria}}},
  booktitle = {{{Magnoliophya: Salicaceae to Brassicaceae}}},
  author = {O'Kane, Jr., Steve L},
  editor = {{Flora of North America editorial committee}},
  year = {2010},
  edition = {1st},
  volume = {7},
  pages = {616--665},
  publisher = {{Oxford Univ. Press}},
  address = {{New York, (NY):}},
  series = {{{Flora of North America North of Mexico}}}
}

@article{Payson1918,
  title = {Notes on Certain {{Cruciferae}}},
  author = {Payson, Edwin Blake},
  year = {1918},
  volume = {5},
  pages = {143--147},
  journal = {Annals of the Missouri Botanical Garden},
  number = {2}
}

@article{Payson1921,
  title = {A Monograph of the Genus {{{\emph{Lesquerella}}}}},
  author = {Payson, Edwin Blake},
  year = {1921},
  volume = {8},
  pages = {103--236},
  journal = {Annals of the Missouri Botanical Garden},
  number = {1}
}

@article{Philippe2011,
  title = {Resolving Difficult Phylogenetic Questions: {{Why}} More Sequences Are Not Enough},
  author = {Philippe, Herv{\'e} and Brinkmann, Henner and Lavrov, Dennis V and Littlewood, D Timothy J and Manuel, Michael and W{\"o}rheide, Gert and Baurain, Denis},
  year = {2011},
  volume = {9},
  pages = {e1000602},
  journal = {PLoS Biology},
  number = {3}
}

@article{Pisani2007,
  title = {Congruence of Morphological and Molecular Phylogenies},
  author = {Pisani, Davide and Benton, Michael J and Wilkinson, Mark},
  year = {2007},
  volume = {55},
  pages = {269--281},
  doi = {10.1007/s10441-007-9015-8},
  journal = {Acta Biotheoretica},
  number = {3}
}

@manual{R-base,
  title = {R: {{A}} Language and Environment for Statistical Computing},
  author = {{R Core Team}},
  year = {2020},
  address = {{Vienna, Austria}},
  institution = {{R Foundation for Statistical Computing}},
  url = {https://www.R-project.org/},
  type = {Manual}
}

@manual{R-broom,
  title = {{{broom}}: {{Convert}} Statistical Objects into Tidy Tibbles},
  author = {Robinson, David and Hayes, Alex and Couch, Simon},
  year = {2020},
  url = {https://CRAN.R-project.org/package=broom},
  note = {R package version 0.7.2},
  type = {Manual}
}

@manual{R-cowplot,
  title = {{{cowplot}}: {{Streamlined}} Plot Theme and Plot Annotations for 'Ggplot2'},
  author = {Wilke, Claus O.},
  year = {2020},
  url = {https://CRAN.R-project.org/package=cowplot},
  note = {R package version 1.1.0},
  type = {Manual}
}

@manual{R-dplyr,
  title = {{{dplyr}}: {{A}} Grammar of Data Manipulation},
  author = {Wickham, Hadley and Fran{\c c}ois, Romain and Henry, Lionel and M{\"u}ller, Kirill},
  year = {2020},
  url = {https://CRAN.R-project.org/package=dplyr},
  note = {R package version 1.0.1},
  type = {Manual}
}

@manual{R-elevatr,
  title = {{{elevatr}}: {{Access}} Elevation Data from Various {{APIs}}},
  author = {Hollister, Jeffrey and {Tarak Shah}},
  year = {2017},
  url = {https://github.com/usepa/elevatr},
  note = {R package version 0.2.0, doi:10.5281/zenodo.400259},
  type = {Manual}
}

@manual{R-fs,
  title = {{{fs}}: {{Cross}}-Platform File System Operations Based on 'Libuv'},
  author = {Hester, Jim and Wickham, Hadley},
  year = {2020},
  url = {https://CRAN.R-project.org/package=fs},
  note = {R package version 1.5.0},
  type = {Manual}
}

@article{R-ggmap,
  title = {{{ggmap}}: {{Spatial Visualization}} with Ggplot2},
  author = {Kahle, David and Wickham, Hadley},
  year = {2013},
  volume = {5},
  pages = {144--161},
  url = {https://journal.r-project.org/archive/2013-1/kahle-wickham.pdf},
  journal = {The R Journal},
  note = {R package version 3.0.0.902},
  number = {1}
}

@manual{R-ggnewscale,
  title = {{{ggnewscale}}: {{Multiple}} Fill and Colour Scales in 'Ggplot2'},
  author = {Campitelli, Elio},
  year = {2020},
  url = {https://CRAN.R-project.org/package=ggnewscale},
  note = {R package version 0.4.3},
  type = {Manual}
}

@book{R-ggplot2,
  title = {{{ggplot2}}: {{Elegant}} Graphics for Data Analysis},
  author = {Wickham, Hadley},
  year = {2020},
  edition = {3rd},
  publisher = {{Springer-Verlag}},
  address = {{New York, (NY):}},
  url = {https://ggplot2-book.org/},
  isbn = {978-3-319-24277-4},
  note = {R package version 3.3.2}
}

@manual{R-ggtext,
  title = {{{ggtext}}: {{Improved}} Text Rendering Support for 'Ggplot2'},
  author = {Wilke, Claus O.},
  year = {2020},
  url = {https://wilkelab.org/ggtext},
  note = {R package version 0.1.0.9000},
  type = {Manual}
}

@manual{R-kableExtra,
  title = {{{kableExtra}}: {{Construct}} Complex Table with 'kable' and Pipe Syntax},
  author = {Zhu, Hao},
  year = {2020},
  url = {https://CRAN.R-project.org/package=kableExtra},
  note = {R package version 1.3.1},
  type = {Manual}
}

@manual{R-knitr,
  title = {{{knitr}}: {{A}} General-Purpose Package for Dynamic Report Generation in r},
  author = {Xie, Yihui},
  year = {2020},
  url = {https://CRAN.R-project.org/package=knitr},
  note = {R package version 1.30},
  type = {Manual}
}

@manual{R-lubridate,
  title = {{{lubridate}}: {{Make}} Dealing with Dates a Little Easier},
  author = {Spinu, Vitalie and Grolemund, Garrett and Wickham, Hadley},
  year = {2020},
  url = {https://CRAN.R-project.org/package=lubridate},
  note = {R package version 1.7.9},
  type = {Manual}
}

@article{R-lubridate2011,
  title = {Dates and Times Made Easy with {{lubridate}}},
  author = {Grolemund, Garrett and Wickham, Hadley},
  year = {2011},
  volume = {40},
  pages = {1--25},
  url = {http://www.jstatsoft.org/v40/i03/},
  journal = {Journal of Statistical Software},
  note = {R package version 1.7.9},
  number = {3}
}

@manual{R-magrittr,
  title = {{{magrittr}}: {{A}} Forward-Pipe Operator for r},
  author = {Bache, Stefan Milton and Wickham, Hadley},
  year = {2014},
  url = {https://CRAN.R-project.org/package=magrittr},
  note = {R package version 1.5.0},
  type = {Manual}
}

@article{R-plyr,
  title = {The Split-Apply-Combine Strategy for Data Analysis},
  author = {Wickham, Hadley},
  year = {2011},
  volume = {40},
  pages = {1--29},
  journal = {Journal of Statistical Software},
  number = {1}
}

@manual{R-purrr,
  title = {{{purrr}}: {{Functional}} Programming Tools},
  author = {Henry, Lionel and Wickham, Hadley},
  year = {2020},
  url = {https://CRAN.R-project.org/package=purrr},
  note = {R package version 0.3.4},
  type = {Manual}
}

@manual{R-readr,
  title = {{{readr}}: {{Read}} Rectangular Text Data},
  author = {Wickham, Hadley and Hester, Jim},
  year = {2020},
  url = {https://CRAN.R-project.org/package=readr},
  note = {R package version 1.4.0},
  type = {Manual}
}

@manual{R-readxl,
  title = {{{readxl}}: {{Read}} Excel Files},
  author = {Wickham, Hadley and Bryan, Jennifer},
  year = {2019},
  url = {https://CRAN.R-project.org/package=readxl},
  note = {R package version 1.3.1},
  type = {Manual}
}

@manual{R-rlang,
  title = {{{rlang}}: {{Functions}} for Base Types and Core r and 'tidyverse' Features},
  author = {Henry, Lionel and Wickham, Hadley},
  year = {2020},
  url = {https://CRAN.R-project.org/package=rlang},
  note = {R package version 0.4.8},
  type = {Manual}
}

@manual{R-scales,
  title = {{{scales}}: {{Scale}} Functions for Visualization},
  author = {Wickham, Hadley and Seidel, Dana},
  year = {2020},
  url = {https://CRAN.R-project.org/package=scales},
  note = {R package version 1.1.1},
  type = {Manual}
}

@article{R-sf,
  title = {Simple Features for r: {{Standardized}} Support for Spatial Vector Data},
  author = {Pebesma, Edzer},
  year = {2018},
  volume = {10},
  pages = {439--446},
  doi = {10.32614/RJ-2018-009},
  url = {https://doi.org/10.32614/RJ-2018-009},
  journal = {The R Journal},
  note = {R package version 0.9.5},
  number = {1}
}

@manual{R-stringr,
  title = {{{stringr}}: {{Simple}}, Consistent Wrappers for Common String Operations},
  author = {Wickham, Hadley},
  year = {2019},
  url = {https://CRAN.R-project.org/package=stringr},
  note = {R package version 1.4.0},
  type = {Manual}
}

@manual{R-tibble,
  title = {{{tibble}}: {{Simple}} Data Frames},
  author = {M{\"u}ller, Kirill and Wickham, Hadley},
  year = {2020},
  url = {https://CRAN.R-project.org/package=tibble},
  note = {R package version 3.0.4},
  type = {Manual}
}

@manual{R-tidyr,
  title = {{{tidyr}}: {{Tidy}} Messy Data},
  author = {Wickham, Hadley and Henry, Lionel},
  year = {2020},
  url = {https://CRAN.R-project.org/package=tidyr},
  note = {R package version 1.1.2},
  type = {Manual}
}

@manual{R-tigris,
  title = {{{tigris}}: {{Load}} Census {{TIGER}}/{{Line}} Shapefiles},
  author = {Walker, Kyle},
  year = {2020},
  url = {https://CRAN.R-project.org/package=tigris},
  note = {R package version 1.0.0},
  type = {Manual}
}

@article{Rieseberg1994,
  title = {Are Many Plant Species Paraphyletic?},
  author = {Rieseberg, Loren H and Brouillet, Luc},
  year = {1994},
  volume = {43},
  pages = {21--32},
  journal = {Taxon}
}

@incollection{Robinson1895,
  title = {Cruciferae: {{{\emph{Physaria}}}}},
  booktitle = {Synoptical Flora of {{North America}}},
  author = {Robinson, B L},
  editor = {Gray, Asa and Robinson, B L},
  year = {1895},
  volume = {1, Pt. 1},
  pages = {121},
  publisher = {{American Book Company}},
  address = {{New York, (NY)}}
}

@article{Rokas2003,
  title = {Genome-Scale Approaches to Resolving Incongruence in Molecular Phylogenies.},
  author = {Rokas, Antonis and Williams, Barry L and King, Nicole and Carroll, Sean B},
  year = {2003},
  volume = {425},
  pages = {798--804},
  journal = {Nature},
  number = {6960}
}

@article{Rollins1939,
  title = {The {{Cruciferous}} Genus {{{\emph{Physaria}}}}},
  author = {Rollins, Reed C},
  year = {1939},
  volume = {41},
  pages = {391--414},
  journal = {Rhodora}
}

@article{Rollins1981,
  title = {Studies in the Genus {{{\emph{Physaria}}}} ({{Cruciferae}})},
  author = {Rollins, Reed C},
  year = {1981},
  volume = {33},
  pages = {332--334},
  journal = {Brittonia},
  number = {3}
}

@article{Rollins1983,
  title = {Studies in the {{Cruciferae}} of {{Western North America}}},
  author = {Rollins, Reed C},
  year = {1983},
  volume = {64},
  pages = {491--510},
  journal = {Journal of the Arnold Arboretum},
  number = {4}
}

@article{Rollins1984,
  title = {Studies in the {{Cruciferae}} of Western {{North America II}}},
  author = {Rollins, Reed C},
  year = {1984},
  volume = {214},
  pages = {1--18},
  journal = {Contributions from the Gray Herbarium of Harvard University}
}

@incollection{Rollins1993,
  title = {Systematics of the {{Mustard Family}} from the {{Artic}} to {{Panama}}},
  booktitle = {The {{Cruciferae}} of {{Continental North America}}},
  author = {Rollins, Reed C},
  year = {1993},
  edition = {1st ed.},
  pages = {696--714},
  publisher = {{Standford University Press}},
  address = {{Standford (CA)}}
}

@article{Rydberg1901,
  title = {Studies on the {{Rocky Mountain Flora}} - {{V}}},
  author = {Rydberg, Per Axel},
  year = {1901},
  volume = {28},
  pages = {278--280},
  journal = {Bulletin of the Torrey Botanical Club},
  number = {5}
}

@article{Rydberg1902,
  title = {Studies on the {{Rocky Mountain Flora}} - {{VIII}}},
  author = {Rydberg, Per Axel},
  year = {1902},
  volume = {29},
  pages = {237},
  journal = {Bulletin of the Torrey Botanical Club},
  number = {4}
}

@article{Rydberg1912,
  title = {Studies on the {{Rocky Mountain Flora}} - {{XXVII}}},
  author = {Rydberg, Per Axel},
  year = {1912},
  volume = {39},
  pages = {322},
  journal = {Bulletin of the Torrey Botanical Club},
  number = {7}
}

@article{Scotland2003,
  title = {Phylogeny Reconstruction: {{The}} Role of Morphology},
  author = {Scotland, Robert W and Olmstead, Richard G and Bennett, Jonathan R},
  year = {2003},
  volume = {52},
  pages = {539--548},
  journal = {Systematic Biology},
  number = {4}
}

@techreport{Steele1977,
  title = {Endangered and Threatened Plants of {{Idaho}}},
  author = {Steele, R},
  editor = {Henderson, D M and Johnson, F D and Packard, P and Steele, R},
  year = {1977},
  address = {{Moscow (ID)}},
  institution = {{University of Idaho}},
  url = {https://digital.lib.uidaho.edu/digital/collection/fwres/id/154},
  urldate = {2016-01-23},
  type = {Internet}
}

@article{Suksdorf1906,
  title = {Neue Pflanzen Aus {{Washington}}},
  author = {Suksdorf, Wilhelm Nikolaus},
  year = {1906},
  volume = {15},
  pages = {58},
  journal = {West American Scientist},
  number = {130}
}

@article{Wanninger2015,
  title = {Morphology Is Dead \textendash{} Long Live Morphology! {{Integrating MorphoEvoDevo}} into Molecular {{EvoDevo}} and Phylogenomics},
  author = {Wanninger, Andreas},
  year = {2015},
  volume = {3},
  doi = {10.3389/fevo.2015.00054},
  journal = {frontiers in Ecology and Evolution},
  number = {54}
}

@article{Watson1882,
  title = {Contributions to {{American}} Botany},
  author = {Watson, Sereno},
  year = {1882},
  volume = {17},
  pages = {363--364},
  journal = {Proceedings of the American Academy of Arts and Sciences},
  number = {9}
}

@article{Watson1888,
  title = {Contributions to {{American}} Botany},
  author = {Watson, Sereno},
  year = {1888},
  volume = {23},
  pages = {249--287},
  journal = {Proceedings of the American Academy of Arts and Sciences},
  number = {2}
}

@incollection{Weber1996,
  title = {Key to {{Brassicaceae}}, {{{\emph{Physaria}}}}},
  booktitle = {Colorado {{Flora Eastern Slope}}},
  author = {Weber, William Alfred and Wittman, Ronald C},
  year = {1996},
  edition = {Second},
  pages = {137--138},
  publisher = {{University Press of Colorado}},
  address = {{Niwot (CO)}}
}

@article{Welsh1986,
  title = {New Taxa and Combinations in the {{Utah}} Flora},
  author = {Welsh, Stanley L},
  year = {1986},
  volume = {46},
  pages = {255},
  journal = {Great Basin Naturalist},
  number = {2}
}

@article{WelshReveal1977,
  title = {Utah {{Flora}}: {{Brassicaceae}} ({{Cruciferae}})},
  author = {Welsh, Stanley L and Reveal, James L},
  year = {1977},
  volume = {37},
  pages = {345},
  journal = {Great Basin Naturalist},
  number = {3}
}

@article{Wiens2004a,
  title = {The Role of Morphological Data in Phylogenetic Reconstruction},
  author = {Wiens, John J},
  year = {2004},
  volume = {53},
  pages = {653--661},
  journal = {Systematic Biology},
  number = {4}
}

