
@article{R-ape,
  title = {Ape 5.0: An Environment for Modern Phylogenetics and Evolutionary Analyses in {{R}}},
  author = {Paradis, E. and Schliep, K.},
  year = {2019},
  volume = {35},
  pages = {526--528},
  journal = {Bioinformatics},
  note = {R package version 5.4.1}
}

@manual{R-Biostrings,
  title = {Biostrings: {{Efficient}} Manipulation of Biological Strings},
  author = {Pag{\`e}s, H. and Aboyoun, P. and Gentleman, R. and DebRoy, S.},
  year = {2020},
  note = {R package version 2.56.0},
  type = {Manual}
}

@manual{R-dplyr,
  title = {{{dplyr}}: {{A}} Grammar of Data Manipulation},
  author = {Wickham, Hadley and Fran{\c c}ois, Romain and Henry, Lionel and M{\"u}ller, Kirill},
  year = {2020},
  url = {https://CRAN.R-project.org/package=dplyr},
  note = {R package version 1.0.1},
  type = {Manual}
}

@manual{R-lubridate,
  title = {{{lubridate}}: {{Make}} Dealing with Dates a Little Easier},
  author = {Spinu, Vitalie and Grolemund, Garrett and Wickham, Hadley},
  year = {2020},
  url = {https://CRAN.R-project.org/package=lubridate},
  note = {R package version 1.7.9},
  type = {Manual}
}

@manual{R-readxl,
  title = {{{readxl}}: {{Read}} Excel Files},
  author = {Wickham, Hadley and Bryan, Jennifer},
  year = {2019},
  url = {https://CRAN.R-project.org/package=readxl},
  note = {R package version 1.3.1},
  type = {Manual}
}

@article{Drummond2012,
  title = {Bayesian Phylogenetics with {{BEAUti}} and the {{BEAST}} 1.7.},
  author = {Drummond, Alexei J and Suchard, Marc A and Xie, Dong and Rambaut, Andrew},
  year = {2012},
  volume = {29},
  pages = {1969--1973},
  journal = {Molecular Biology and Evolution},
  number = {8}
}

@article{Katoh2005,
  title = {{{MAFFT}} Version 5: {{Improvement}} in Accuracy of Multiple Sequence Alignment.},
  author = {Katoh, Kazutaka and Kuma, Kei-ichi and Toh, Hiroyuki and Miyata, Takashi},
  year = {2005},
  volume = {33},
  pages = {511--518},
  journal = {Nucleic Acids Research},
  number = {2}
}

@article{Katoh2013,
  title = {{{MAFFT}} Multiple Sequence Alignment Software Version 7: {{Improvements}} in Performance and Usability.},
  author = {Katoh, Kazutaka and Standley, Daron M},
  year = {2013},
  volume = {30},
  pages = {772--780},
  journal = {Molecular Biology and Evolution},
  number = {4}
}

@article{Kumar2018,
  title = {{{MEGA X}}: {{Molecular Evolutionary Genetics Analysis}} across {{Computing Platforms}}},
  author = {Kumar, Sudhir and Stecher, Glen and Li, Michael and Knyaz, Christina and Tamura, Koichiro},
  year = {2018},
  volume = {35},
  pages = {1547--1549},
  journal = {Molecular Biology and Evolution},
  number = {6}
}

@incollection{OKane2010,
  title = {{\emph{Physaria}}},
  booktitle = {{{Magnoliophya: Salicaceae to Brassicaceae}}},
  author = {O'Kane, Jr., Steve L},
  editor = {{Flora of North America editorial committee}},
  year = {2010},
  edition = {1st},
  volume = {7},
  pages = {616--665},
  publisher = {{Oxford Univ. Press}},
  address = {{New York, (NY):}},
  series = {{{Flora of North America North of Mexico}}}
}

@article{Posada2008,
  title = {{{jModelTest}}: {{Phylogenetic Model Averaging}}},
  author = {Posada, David},
  year = {2008},
  volume = {25},
  pages = {1253--1256},
  journal = {Molecular Biology and Evolution},
  number = {7}
}

@article{Salinas2014,
  title = {{{2Matrix}}: {{A}} Utility for Indel Coding and Phylogenetic Matrix Concatenation.},
  author = {Salinas, Nelson R and Little, Damon P},
  year = {2014},
  volume = {2},
  pages = {1300083},
  doi = {10.3732/apps.1300083},
  journal = {Applications in Plant Science},
  number = {1}
}

@article{Simmons2000,
  title = {Gaps as Characters in Sequence-Based Phylogenetic Analyses.},
  author = {Simmons, Mark P and Ochoterena, Helga},
  year = {2000},
  volume = {49},
  pages = {369--381},
  journal = {Systematic Biology},
  number = {2}
}

@article{Stecher2020,
  title = {Molecular {{Evolutionary Genetics Analysis}} ({{MEGA}}) for {{macOS}}},
  author = {Stecher, Glen and Tamura, Koichiro and Kumar, Sudhir},
  year = {2020},
  doi = {10.1093/molbev/msz312},
  journal = {Molecular Biology and Evolution}
}
